%% This BibTeX bibliography file was created using BibDesk.
%% http://bibdesk.sourceforge.net/


%% Created for Fangzhu Yang at 2016-05-03 22:21:14 -0400 


%% Saved with string encoding Unicode (UTF-8) 



@article{direct,
	Author = {Dilip Abreu and Yuliy Sannikov},
	Date-Added = {2016-05-04 02:19:40 +0000},
	Date-Modified = {2016-05-04 02:21:14 +0000},
	Journal = {Theoretical Economics},
	Title = {An algorithm for two player repeated games with perfect monitoring},
	Year = {2013}}

@article{survey,
	Author = {Dilip Abreu and David Pearce and Ennio Stachetti},
	Date-Added = {2016-05-04 01:50:52 +0000},
	Date-Modified = {2016-05-04 02:19:05 +0000},
	Journal = {Econometrica},
	Pages = {1041-1063},
	Title = {Toward a Theory of Discounted Repeated Games with Imperfect Monitoring},
	Volume = {58},
	Year = {2003}}

@article{comp,
	Author = {Nouri Najjar},
	Date-Added = {2016-05-04 01:50:52 +0000},
	Date-Modified = {2016-05-04 02:19:05 +0000},
	Title = {Game Theory Portfolio: A Computational Exploration of the Nash Equilibrium},
	Year = {2009}}